<?xml version="1.0" encoding="UTF-8"?>
<record xmlns="http://www.loc.gov/MARC21/slim" xmlns:xsi="http://www.w3.org/2001/XMLSchema-instance" xsi:schemaLocation="http://www.loc.gov/MARC21/slim http://www.loc.gov/standards/marcxml/schema/MARC21slim.xsd">
<leader>     nam a2200361 a 4500</leader>
<controlfield tag="001">000371996</controlfield>
<controlfield tag="003">NNU</controlfield>
<controlfield tag="005">20061010171942.0</controlfield>
<controlfield tag="008">060803s1926    ua a          000 0 ara d</controlfield>
<datafield tag="010" ind1=" " ind2=" ">
<subfield code="z">74212761</subfield>
</datafield>
<datafield tag="035" ind1="9" ind2=" ">
<subfield code="a">NYUb13354233</subfield>
</datafield>
<datafield tag="035" ind1=" " ind2=" ">
<subfield code="a">(NNU)NYUb13354233</subfield>
</datafield>
<datafield tag="035" ind1=" " ind2=" ">
<subfield code="a">(CSt-H)notisAKE8446</subfield>
</datafield>
<datafield tag="035" ind1=" " ind2=" ">
<subfield code="a">(CStRLIN)NYUG06-B2007</subfield>
</datafield>
<datafield tag="040" ind1=" " ind2=" ">
<subfield code="a">CSt-H</subfield>
<subfield code="c">CSt-H</subfield>
<subfield code="d">CStRLIN</subfield>
<subfield code="d">NNU</subfield>
</datafield>
<datafield tag="043" ind1=" " ind2=" ">
<subfield code="a">a-sy---</subfield>
</datafield>
<datafield tag="050" ind1=" " ind2="4">
<subfield code="a">DS99.H3</subfield>
<subfield code="b">A24 1926</subfield>
</datafield>
<datafield tag="066" ind1=" " ind2=" ">
<subfield code="c">(3</subfield>
</datafield>
<datafield tag="090" ind1=" " ind2=" ">
<subfield code="a">DS99.H3</subfield>
<subfield code="b">A24 1926</subfield>
</datafield>
<datafield tag="100" ind1="1" ind2=" ">
<subfield code="a">Abī Rāshid, Ḥannā</subfield>
<subfield code="6">880-01</subfield>
</datafield>
<datafield tag="245" ind1="1" ind2="0">
<subfield code="6">880-02</subfield>
<subfield code="a">Ḥawrān al-dāmiyah :</subfield>
<subfield code="b">baḥth ʻām fī tārīkh shuʻūbihā wa-nasabihim wa-ʻādātihim wa-iʻtiqādātihim wa-āthārihim wa-ḥurūbihim wa-nawābighihim al-nāziḥīn ʻanhā ... ; wa-fīhā tatimmat al-baḥth ʻan thawrat Jabal al-Durūz ... /</subfield>
<subfield code="c">bbi-qalam Ḥannā Abī Rāshid.</subfield>
</datafield>
<datafield tag="250" ind1=" " ind2=" ">
<subfield code="6">880-03</subfield>
<subfield code="a">al-Ṭabʻah 1.</subfield>
</datafield>
<datafield tag="260" ind1=" " ind2=" ">
<subfield code="6">880-04</subfield>
<subfield code="a">Miṣr :</subfield>
<subfield code="b">Maktabat Zaydān al-ʻUmūmīyah,</subfield>
<subfield code="c">1926.</subfield>
</datafield>
<datafield tag="300" ind1=" " ind2=" ">
<subfield code="a">28, 322 p. :</subfield>
<subfield code="b">ill. ;</subfield>
<subfield code="c">24 cm.</subfield>
</datafield>
<datafield tag="490" ind1="1" ind2=" ">
<subfield code="a">al-Riḥlah al-sharqīyah al-ʻāmmah ;</subfield>
<subfield code="v">al-ḥalqah 2</subfield>
</datafield>
<datafield tag="500" ind1=" " ind2=" ">
<subfield code="a">Continuation of Jabal al-Durūz.</subfield>
</datafield>
<datafield tag="651" ind1=" " ind2="0">
<subfield code="a">Hauran (Syria)</subfield>
</datafield>
<datafield tag="650" ind1=" " ind2="0">
<subfield code="a">Druzes</subfield>
<subfield code="x">History.</subfield>
</datafield>
<datafield tag="880" ind1="1" ind2=" ">
<subfield code="6">100-01/</subfield>
<subfield code="a">ابى راشد، حنا.</subfield>
</datafield>
<datafield tag="880" ind1="1" ind2="0">
<subfield code="6">245-02/</subfield>
<subfield code="a">حوران الدامية :</subfield>
<subfield code="b">بحث عام في تاريخ شعوبها ونسبهم وعاداتهم واعتقاداتهم واثارهم وحربهم ونوابغهم النازحين عنها ....</subfield>
</datafield>
<datafield tag="880" ind1=" " ind2=" ">
<subfield code="6">250-03/</subfield>
<subfield code="a">الطبعه ١.</subfield>
</datafield>
<datafield tag="880" ind1=" " ind2=" ">
<subfield code="6">260-04/</subfield>
<subfield code="a">مصر :</subfield>
<subfield code="b">مكتبة زيدان العموميد،</subfield>
<subfield code="c">١٩٢٦.</subfield>
</datafield>
<datafield tag="800" ind1="1" ind2=" ">
<subfield code="a">Abī Rāshid, Ḥannā.</subfield>
<subfield code="t">al-Riḥlah al-sharqīyah al-ʻāmmah ;</subfield>
<subfield code="v">al-ḥalqah 2.</subfield>
</datafield>
<datafield tag="OWN" ind1=" " ind2=" ">
<subfield code="a">GENERAL</subfield>
</datafield>
<datafield tag="998" ind1=" " ind2=" ">
<subfield code="e">uhol</subfield>
<subfield code="n">NNU</subfield>
<subfield code="s">1</subfield>
<subfield code="t">c</subfield>
<subfield code="z">p</subfield>
</datafield>
<datafield tag="AVA" ind1=" " ind2=" ">
<subfield code="a">NYU50</subfield>
<subfield code="b">BOBST</subfield>
<subfield code="c">Main Collection</subfield>
<subfield code="d">DS99.H3 A24 1926</subfield>
<subfield code="e">unavailable</subfield>
<subfield code="t">Unavailable</subfield>
<subfield code="f">1</subfield>
<subfield code="g">1</subfield>
<subfield code="h">N</subfield>
<subfield code="i">2</subfield>
<subfield code="j">MAIN</subfield>
<subfield code="k">0</subfield>
</datafield>
</record>
